@book{vandevoorde03,
    author = {Vandevoorde, David and Josuttis, Nicolai M.},
    title = {{C}++ templates: the complete guide},
    publisher = {Addison Wesley},
    year = {2013}
}

@article{veldhuizen95,
    author = {Veldhuizen, Todd},
    title = {Expression templates},
    journal = {{C}++ Report},
    volume = {7},
    number = {5},
    month = {6},
    year = {1995},
    pages = {26--31}
}

